1506 2025
462 253 618 271 APPENDlx
631 253 671 271 An
686 252 870 271 anuTnAN.
989 247 1040 270 569

292 314 407 340 sciamus
419 312 510 339 «Iesum
523 321 583 338 exse
594 312 731 339 Christum
745 311 841 338 Filium
854 311 909 337 Dei
920 312 1041 338 viventia.

291 354 432 385 Praeterea,
458 353 523 380 dicit
543 353 614 379 idem
636 352 771 387 apostolus
793 353 817 386 (l
840 352 924 387 Epist.
944 352 979 379 iv.
997 354 1024 385 2)
1035 363 1041 378 :

295 394 386 421 Omnis
405 394 527 429 Spiritus
540 393 588 429 qui
606 394 749 428 coafitetur
761 393 853 420 lesum
873 401 933 419 esse
948 392 1043 419 Chris-

291 438 347 461 tum
366 438 395 461 et
406 434 510 461 venisse
523 434 550 461 in
562 443 654 466 carne,
666 443 700 460 ex
713 434 773 460 Deo
787 437 836 460 est.
874 434 961 460 Multa
978 434 1043 460 item

291 475 344 502 alia
364 475 425 501 loca
436 479 500 501 sunt
512 475 539 502 in
552 475 723 502 Testamento
736 475 814 501 Novo
826 475 904 509 hujus
917 474 1020 501 similia.

329 516 365 542 A.
384 515 437 541 Sed
450 520 544 542 contra¹
562 519 610 548 est,
630 515 703 551 quod
714 515 812 550 legitur
827 515 855 542 in
866 515 919 541 fine
931 515 1044 550 symboli

291 556 439 588 Athanasii,
451 565 548 591 nempe
568 557 637 583 hoc:
656 556 727 582 Hcec
746 560 788 582 est
800 556 878 591 fides
899 556 1044 589 catholica,

291 606 373 632 quam
385 597 439 624 nisi
458 597 520 632 quia·
533 605 591 633 pro
604 600 679 624 certo
692 596 796 629 credat,
808 596 913 623 salvari
926 605 977 623 non
991 605 1044 632 po-

292 640 356 664 test.

329 677 366 704 B.
384 678 460 705 Tunc
473 678 562 704 Sacrae
574 678 719 713 Scripturae
728 684 756 704 et
772 678 859 704 verbis
871 677 985 713 apostoli
998 686 1046 713 op-

292 727 376 754 pones
388 719 469 745 verba
481 718 638 745 Athanasii?
666 719 747 753 Cujus
759 718 906 754 symbolum
919 718 1046 753 recipitur

293 759 401 794 quidem
426 760 459 786 ab
484 759 597 786 ecelesia
616 764 648 786 ut
668 759 799 794 expositio
818 759 860 785 vel
878 759 1045 794 paraphrasis

293 800 407 835 symboli
419 800 515 826 Niceni
526 811 532 830 ;
552 800 599 826 sed
610 800 668 827 hoee
680 800 762 827 verba
771 800 909 826 Athanasii
920 800 994 826 nulla
1005 804 1046 826 est

292 849 355 875 pars
367 840 437 866 illius
450 840 572 875 symboli.

330 880 366 907 A.
386 881 455 907 Sunt
471 884 500 907 et
511 880 564 907 alia
582 880 718 916 paradoxa
736 889 790 907 non
808 889 894 916 pauca
906 881 934 907 in
952 881 1045 907 eodem

293 921 378 952 libro;
397 921 444 948 sed
464 922 526 956 quia
545 921 655 948 minoris
675 925 738 948 sunt
757 930 837 956 quam
854 926 885 948 ut
902 922 953 948 illis
974 930 1045 948 nune

295 963 504 994 immoraremur,
517 970 571 988 non
583 962 725 997 proferam.

331 1003 367 1029 B.
387 1003 425 1030 Ut
436 1003 509 1029 libet.
548 1002 601 1029 Sed
611 1003 638 1028 in
650 1003 692 1029 his
705 1011 765 1038 quae
776 1003 918 1038 protulisti,
927 1003 994 1029 nihil
1005 1003 1046 1029 in-

294 1043 373 1070 venio
381 1047 476 1070 contra
487 1043 568 1070 fidem
577 1043 696 1070 ecclesiae
705 1048 812 1076 nostroe,
821 1052 979 1078 qumquam
991 1052 1045 1071 non

293 1093 380 1120 pauca
401 1084 550 1111 doctrinam
569 1084 754 1119 theologorum
772 1084 936 1119 privatorum
954 1093 1046 1120 super-

295 1125 378 1152 antia.
979 1133 982 1136 ·

475 1367 557 1385 1²¹1le
572 1366 745 1385 voLUMINIS
759 1367 872 1386 TERTH.

372 1705 439 1723 VOL.
453 1704 499 1723 111.
894 1706 912 1724 1²
922 1706 939 1724 P

1069 324 1125 342 CAP.
1137 324 1175 342 111.

1070 353 1171 365 ψ

1069 375 1094 391 De
1099 375 1163 396 quibu»-

1069 399 1105 414 dm
1112 399 1163 419 objce-

1069 422 1139 438 tionum:
1145 426 1182 437 wn-

1069 447 1094 461 tn
1103 444 1197 461 lav-inhn-
